%YAML 1.1
%TAG !u! tag:unity3d.com,2011:
--- !u!1 &2507653763109541490
GameObject:
  m_ObjectHideFlags: 0
  m_CorrespondingSourceObject: {fileID: 0}
  m_PrefabInstance: {fileID: 0}
  m_PrefabAsset: {fileID: 0}
  serializedVersion: 6
  m_Component:
  - component: {fileID: 2507653763109541495}
  - component: {fileID: 2507653763109541492}
  - component: {fileID: 2507653763109541481}
  - component: {fileID: 2507653763109541494}
  - component: {fileID: 2507653763109541493}
  m_Layer: 0
  m_Name: PuckPref
  m_TagString: Untagged
  m_Icon: {fileID: 0}
  m_NavMeshLayer: 0
  m_StaticEditorFlags: 0
  m_IsActive: 1
--- !u!4 &2507653763109541495
Transform:
  m_ObjectHideFlags: 0
  m_CorrespondingSourceObject: {fileID: 0}
  m_PrefabInstance: {fileID: 0}
  m_PrefabAsset: {fileID: 0}
  m_GameObject: {fileID: 2507653763109541490}
  m_LocalRotation: {x: -0, y: -0, z: -0, w: 1}
  m_LocalPosition: {x: 0, y: -4, z: 0}
  m_LocalScale: {x: 0.5, y: 0.5, z: 1}
  m_Children: []
  m_Father: {fileID: 0}
  m_RootOrder: 0
  m_LocalEulerAnglesHint: {x: 0, y: 0, z: 0}
--- !u!212 &2507653763109541492
SpriteRenderer:
  m_ObjectHideFlags: 0
  m_CorrespondingSourceObject: {fileID: 0}
  m_PrefabInstance: {fileID: 0}
  m_PrefabAsset: {fileID: 0}
  m_GameObject: {fileID: 2507653763109541490}
  m_Enabled: 1
  m_CastShadows: 0
  m_ReceiveShadows: 0
  m_DynamicOccludee: 1
  m_StaticShadowCaster: 0
  m_MotionVectors: 1
  m_LightProbeUsage: 1
  m_ReflectionProbeUsage: 1
  m_RayTracingMode: 0
  m_RayTraceProcedural: 0
  m_RenderingLayerMask: 1
  m_RendererPriority: 0
  m_Materials:
  - {fileID: 10754, guid: 0000000000000000f000000000000000, type: 0}
  m_StaticBatchInfo:
    firstSubMesh: 0
    subMeshCount: 0
  m_StaticBatchRoot: {fileID: 0}
  m_ProbeAnchor: {fileID: 0}
  m_LightProbeVolumeOverride: {fileID: 0}
  m_ScaleInLightmap: 1
  m_ReceiveGI: 1
  m_PreserveUVs: 0
  m_IgnoreNormalsForChartDetection: 0
  m_ImportantGI: 0
  m_StitchLightmapSeams: 1
  m_SelectedEditorRenderState: 0
  m_MinimumChartSize: 4
  m_AutoUVMaxDistance: 0.5
  m_AutoUVMaxAngle: 89
  m_LightmapParameters: {fileID: 0}
  m_SortingLayerID: 0
  m_SortingLayer: 0
  m_SortingOrder: 1
  m_Sprite: {fileID: 21300000, guid: 9be02bf8b6841654e8649e48ed10602a, type: 3}
  m_Color: {r: 1, g: 1, b: 1, a: 1}
  m_FlipX: 0
  m_FlipY: 0
  m_DrawMode: 0
  m_Size: {x: 1, y: 1}
  m_AdaptiveModeThreshold: 0.5
  m_SpriteTileMode: 0
  m_WasSpriteAssigned: 1
  m_MaskInteraction: 0
  m_SpriteSortPoint: 0
--- !u!60 &2507653763109541481
PolygonCollider2D:
  m_ObjectHideFlags: 0
  m_CorrespondingSourceObject: {fileID: 0}
  m_PrefabInstance: {fileID: 0}
  m_PrefabAsset: {fileID: 0}
  m_GameObject: {fileID: 2507653763109541490}
  m_Enabled: 1
  m_Density: 1
  m_Material: {fileID: 6200000, guid: d380b500b28703743b011ab750a9dc0a, type: 2}
  m_IsTrigger: 0
  m_UsedByEffector: 0
  m_UsedByComposite: 0
  m_Offset: {x: 0, y: 0}
  m_SpriteTilingProperty:
    border: {x: 0, y: 0, z: 0, w: 0}
    pivot: {x: 0.5, y: 0.5}
    oldSize: {x: 1.3333334, y: 1.3333334}
    newSize: {x: 1, y: 1}
    adaptiveTilingThreshold: 0.5
    drawMode: 0
    adaptiveTiling: 0
  m_AutoTiling: 0
  m_Points:
    m_Paths:
    - - {x: 0.53125, y: -0.42708334}
      - {x: 0.5625, y: -0.390625}
      - {x: 0.6041667, y: -0.3229167}
      - {x: 0.640625, y: -0.25520834}
      - {x: 0.6666667, y: -0.16145834}
      - {x: 0.6666667, y: 0.16145834}
      - {x: 0.6354167, y: 0.25520834}
      - {x: 0.5625, y: 0.390625}
      - {x: 0.53125, y: 0.4322917}
      - {x: 0.42708334, y: 0.53125}
      - {x: 0.359375, y: 0.5833334}
      - {x: 0.25520834, y: 0.640625}
      - {x: 0.15104167, y: 0.6666667}
      - {x: -0.15104167, y: 0.6666667}
      - {x: -0.20833334, y: 0.6510417}
      - {x: -0.25520834, y: 0.6354167}
      - {x: -0.390625, y: 0.5625}
      - {x: -0.4322917, y: 0.53125}
      - {x: -0.53125, y: 0.42708334}
      - {x: -0.5833334, y: 0.359375}
      - {x: -0.640625, y: 0.25520834}
      - {x: -0.6510417, y: 0.22395834}
      - {x: -0.6666667, y: 0.14583334}
      - {x: -0.6666667, y: -0.15104167}
      - {x: -0.6354167, y: -0.25520834}
      - {x: -0.5625, y: -0.390625}
      - {x: -0.53125, y: -0.4322917}
      - {x: -0.41145834, y: -0.5520834}
      - {x: -0.359375, y: -0.5833334}
      - {x: -0.25, y: -0.6354167}
      - {x: -0.1875, y: -0.6614584}
      - {x: -0.15625, y: -0.6666667}
      - {x: 0.15104167, y: -0.6666667}
      - {x: 0.20833334, y: -0.65625}
      - {x: 0.3229167, y: -0.609375}
      - {x: 0.4322917, y: -0.5364584}
--- !u!50 &2507653763109541494
Rigidbody2D:
  serializedVersion: 4
  m_ObjectHideFlags: 0
  m_CorrespondingSourceObject: {fileID: 0}
  m_PrefabInstance: {fileID: 0}
  m_PrefabAsset: {fileID: 0}
  m_GameObject: {fileID: 2507653763109541490}
  m_BodyType: 0
  m_Simulated: 1
  m_UseFullKinematicContacts: 0
  m_UseAutoMass: 0
  m_Mass: 1
  m_LinearDrag: 1
  m_AngularDrag: 0.05
  m_GravityScale: 0
  m_Material: {fileID: 0}
  m_Interpolate: 0
  m_SleepingMode: 1
  m_CollisionDetection: 1
  m_Constraints: 0
--- !u!114 &2507653763109541493
MonoBehaviour:
  m_ObjectHideFlags: 0
  m_CorrespondingSourceObject: {fileID: 0}
  m_PrefabInstance: {fileID: 0}
  m_PrefabAsset: {fileID: 0}
  m_GameObject: {fileID: 2507653763109541490}
  m_Enabled: 1
  m_EditorHideFlags: 0
  m_Script: {fileID: 11500000, guid: 4b90d1ed03d111b4fbd390faa2470a40, type: 3}
  m_Name: 
  m_EditorClassIdentifier: 
  impulseKoef: 35
